@Misc{SRS-026-330,
  author = 	 {{European Railway Agency (ERA)}},
  title = 	 {{System Requirements Specification - ETCS Subset 026}},
  howpublished = {http://www.era.europa.eu/Document-Register/Documents/Index004%20-%20SUBSET-026.zip},
  year = 	 {2012},
}



@Book{rodin-handbook,
  editor = 	 {Michael Jastram},
  publisher =    {{DEPLOY Project}},
  title = 	 {Rodin User's Handbook},
  year = 	 {2012},
}

@book{abrial-eventB-Book,
  author    = {Jean-Raymond Abrial},
  title     = {Modeling in Event-B - System and Software Engineering},
  publisher = {Cambridge University Press},
  year      = {2010},
  isbn      = {978-0-521-89556-9},
  pages     = {I-XXVI, 1-586},
  ee        = {http://www.cambridge.org/uk/catalogue/catalogue.asp?isbn=9780521895569},
  bibsource = {DBLP, http://dblp.uni-trier.de}
}

@incollection{said2009language,
  title={Language and tool support for class and state machine refinement in UML-B},
  author={Said, Mar Yah and Butler, Michael and Snook, Colin},
  booktitle={FM 2009: Formal Methods},
  pages={579--595},
  year={2009},
  publisher={Springer}
}
