% This file was created with JabRef 2.9.2.
% Encoding: Cp1252

@INPROCEEDINGS{Mueller2011,
  author = {Mueller, Wolfgang and He, Da and Mischkalla, Fabian and Wegele, Arthur
	and Larkham, Adrian and Whiston, Paul and Pe{\~n}il, Pablo and Villar,
	Eugenio and Mitas, Nikolaos and Kritharidis, Dimitrios and others},
  title = {{T}he saturn approach to sysml-based hw/sw codesign},
  booktitle = {VLSI 2010 Annual Symposium},
  year = {2011},
  pages = {151--164},
  organization = {Springer}
}

@ARTICLE{Riccobene2012,
  author = {Riccobene, Elvinia and Scandurra, Patrizia},
  title = {{I}ntegrating the {S}ys{ML} and the {S}ystem{C}-{UML} profiles in
	a model-driven embedded system design flow},
  journal = {Design Automation for Embedded Systems},
  year = {2012},
  pages = {1--39},
  publisher = {Springer}
}

@INPROCEEDINGS{Riccobene2005,
  author = {Riccobene, Elvinia and Scandurra, Patrizia and Rosti, Alberto and
	Bocchio, Sara},
  title = {{A} {S}o{C} design methodology involving a {UML} 2.0 profile for
	{S}ystem{C}},
  booktitle = {Design, Automation and Test in Europe, 2005. Proceedings},
  year = {2005},
  pages = {704--709},
  organization = {IEEE}
}

