@Misc{SRS-026-330,
  author = 	 {{European Railway Agency (ERA)}},
  title = 	 {{System Requirements Specification - ETCS Subset 026}},
  howpublished = {http://www.era.europa.eu/Document-Register/Documents/Index004%20-%20SUBSET-026.zip},
  year = 	 {2012},
}

@Book{rodin-handbook,
  editor = 	 {Michael Jastram},
  publisher =    {{DEPLOY Project}},
  title = 	 {Rodin User's Handbook},
  year = 	 {2012},
}

@book{abrial-eventB-Book,
  author    = {Jean-Raymond Abrial},
  title     = {Modeling in Event-B - System and Software Engineering},
  publisher = {Cambridge University Press},
  year      = {2010},
  isbn      = {978-0-521-89556-9},
  pages     = {I-XXVI, 1-586},
  ee        = {http://www.cambridge.org/uk/catalogue/catalogue.asp?isbn=9780521895569},
  bibsource = {DBLP, http://dblp.uni-trier.de}
}

@article{silva2011decomposition,
  title={Decomposition tool for event-B},
  author={Silva, Renato and Pascal, Carine and Hoang, Thai Son and Butler, Michael},
  journal={Software: Practice and Experience},
  volume={41},
  number={2},
  pages={199--208},
  year={2011},
  publisher={Wiley Online Library}
}

@Misc{Section-4-6-Rodin,
author = {{Matthias G\"udemann}},
title = {{Event-B Model of Subset 026, Section 4.6}},
year = {2013},
howpublished {{openETCS}},
}

@Misc{Section-3-5-Rodin,
author = {{Matthias G\"udemann}},
title = {{Event-B Model of Subset 026, Section 3.5}},
year = {2013},
howpublished {{openETCS}},
}