@article{SRS,
        author = {ERA},
        title = {System {R}equirements {S}pecification},
        note = {SUBSET026 v3.3.0},	
        number = {07},
        month = {mar},
        year = {2012}
}

@article{Braunstein_SysML_Model,
        author = {CÃ©cile Braunstein},
        title = {Radio {C}ommunication {M}anagement, SysML Model},
        note = {SUBSET026 v3.3.0},	
        month = {mar},
        year = {2013}
}

@book{SysML_Guide,
        author = {Sanford Friedenthal, Alan Moore, Rick Steiner},
        title = {A {P}ractical {G}uide to {S}ysML},
				publisher ={Elsevier Science},
        month = {sept},
        year = {2008}
}