@TechReport{openetcs:D2.5,
  author =       {David Mentr√© and Stanislas Pinte and Guillaume Pottier and {WP2 participants}},
  title =        {D2.5 Methods and tools benchmarking methodology},
  institution =  {openETCS},
  year =         {2013},
  OPTkey =       {},
  OPTtype =      {},
  OPTnumber =    {},
  OPTaddress =   {},
  OPTmonth =     {},
  OPTnote =      {},
  OPTannote =    {}
}

@Booklet{arm2012,
  title =        {Ada 2012 Language Reference Manual},
  OPTkey =       {},
  OPTauthor =    {},
  OPThowpublished = {},
  OPTaddress =   {},
  OPTmonth =     {},
  OPTyear =      {},
  note =      {ISO/IEC 8652:2012(E) standard. \url{http://www.ada-auth.org/standards/ada12.html}},
  OPTannote =    {}
}

