@misc{papyrus,
author = {{Eclipse Project Papyrus}},
howpublished = {\url{http://www.eclipse.org/papyrus/}},
keywords = {D3.1,Eclipse,SysML,domain specific languages},
mendeley-tags = {D3.1,Eclipse,SysML},
title = {{Papyrus}},
url = {http://www.eclipse.org/papyrus/},
year = {2011}
}
@techreport{D2-5,
abstract = {This document is the deliverable of the WP2 D2.5 task, it defines the subset of SRS SUBSET-026 that should be used to evaluate formal modelling tools.},
author = {Mentre, David and Pinte, Stanislas and Pottier, Guillaume},
file = {:home/cecile/biblio/Mentre, Pinte, Pottier - 2012 - D2.5 Methods and tools benchmarking methodology.pdf:pdf},
institution = {ITEA2 openETCS consortium},
keywords = {D3.1,OpenETCS,WP2,openetcs},
mendeley-tags = {D3.1,OpenETCS,WP2},
number = {March},
pages = {1--24},
title = {{D2.5 Methods and tools benchmarking methodology}},
url = {https://github.com/openETCS/requirements/tree/master/D2.5},
year = {2012}
}
@misc{SysML,
author = {{Object Management Group}},
howpublished = {\url{http://www.omgsysml.org}},
keywords = {D3.1,SysML},
mendeley-tags = {D3.1,SysML},
month = jun,
title = {{OMG Systems Modeling Language (OMG SysML\textsuperscript{TM})}},
url = {www.omgsysml.org},
year = {2012}
}
@misc{ocl2012,
abstract = {This specification defines the Object Constraint Language (OCL), version 2.3.1. OCL version 2.3.1 is the latest version of OCL that is aligned with UML 2.3 and MOF 2.0.},
author = {{Object Management Group (OMG)}},
file = {:home/cecile/biblio/Object Management Group (OMG) - 2012 - OMG Object Constraint Language ( OCL ).pdf:pdf},
keywords = {D3.1,OCL},
mendeley-tags = {D3.1},
number = {January},
pages = {1--246},
title = {{OMG Object Constraint Language ( OCL )}},
url = {http://www.omg.org/spec/OCL/2.3.1/PDF},
volume = {03},
year = {2012}
}

@techreport{rttmbtreport2011,
author = {Peleska, Jan and Vorobev, Elena and Lapschies, Florian and Zahlten, Cornelia},
howpublished =
{\url{http://www.informatik.uni-bremen.de/agbs/testingbenchmarks/turn$\backslash$\_indicator/tool/rtt-mbt.pdf}},
institution = {Universit\"{a}t Bremen},
keywords = {D3.1},
mendeley-tags = {D3.1},
title = {{Automated model-based testing with {RT-Tester}}},
year = {2011}
}
@misc{EA,
author = {{Sparx System}},
howpublished = {\url{http://www.sparxsystems.com/products/mdg_sysml.html}},
keywords = {D3.1,SysML,UML,tool},
mendeley-tags = {D3.1,SysML,UML,tool},
title = {{Enterprise Architecture}},
url = {www.sparxsystems.com},
year = {2009}
}

@INPROCEEDINGS{PnueliLTL1977,
author={Pnueli, Amir},
booktitle={Foundations of Computer Science, 1977., 18th Annual Symposium on}, title={The temporal logic of programs},
year={31 1977-Nov. 2},
pages={46-57},
abstract={A unified approach to program verification is suggested, which applies to both sequential and parallel programs. The main proof method suggested is that of temporal reasoning in which the time dependence of events is the basic concept. Two formal systems are presented for providing a basis for temporal reasoning. One forms a formalization of the method of intermittent assertions, while the other is an adaptation of the tense logic system Kb, and is particularly suitable for reasoning about concurrent programs.},
keywords={Clocks;Logic;Operating systems;Power system modeling;Programming profession;Real time systems;Reasoning about programs;Safety;Stress;System recovery},
doi={10.1109/SFCS.1977.32},
ISSN={0272-5428},}

@misc{verified_website,
	title = {Verified  :: Products},
	url = {http://www.verified.de/en/products},
	urldate = {2013-04-04},
	keywords = {model-based testing, Tool},
	howpublished = {http://www.verified.de/en/products},
	file = {Verified Systems International GmbH ::
	Products:/home/cecile/.mozilla/firefox/hzvu1rr0.default/zotero/storage/Q4GK8632/products.html:text/html},
	author = {{Verified Systems International {GmbH}}}
}
@incollection{brauer_efficient_2012,
year={2012},
isbn={978-3-642-34690-3},
booktitle={Testing Software and Systems},
volume={7641},
series={Lecture Notes in Computer Science},
editor={Nielsen, Brian and Weise, Carsten},
doi={10.1007/978-3-642-34691-0_3},
title={Efficient and Trustworthy Tool Qualification for Model-Based Testing Tools},
url={http://dx.doi.org/10.1007/978-3-642-34691-0_3},
publisher={Springer Berlin Heidelberg},
author={Brauer, JÃ¶rg and Peleska, Jan and Schulze, Uwe},
pages={8-23}
}


@incollection{Peleska2011,
year={2011},
isbn={978-3-642-20397-8},
booktitle={NASA Formal Methods},
volume={6617},
series={Lecture Notes in Computer Science},
editor={Bobaru, Mihaela and Havelund, Klaus and Holzmann, GerardJ. and Joshi, Rajeev},
doi={10.1007/978-3-642-20398-5_22},
title={Automated Test Case Generation with SMT-Solving and Abstract Interpretation},
url={http://dx.doi.org/10.1007/978-3-642-20398-5_22},
publisher={Springer Berlin Heidelberg},
author={Peleska, Jan and Vorobev, Elena and Lapschies, Florian},
pages={298-312}
}
